<record><leader>00000cas a22000007a 4500</leader><controlfield tag="001">11912621</controlfield><controlfield tag="008">850412c19409999paudr ne      0   a0eng d</controlfield><datafield ind1=" " ind2=" " tag="010"><subfield code="a">sn 85054904 </subfield></datafield><datafield ind1=" " ind2=" " tag="040"><subfield code="a">NPH</subfield><subfield code="b">eng</subfield><subfield code="c">NPH</subfield><subfield code="d">NSD</subfield><subfield code="d">OCLCQ</subfield><subfield code="d">CUS</subfield><subfield code="d">OCLCQ</subfield><subfield code="d">OCLCF</subfield><subfield code="d">UPM</subfield><subfield code="d">COO</subfield><subfield code="d">UPM</subfield><subfield code="d">OCL</subfield></datafield><datafield ind1="1" ind2=" " tag="022"><subfield code="a">1099-1875</subfield><subfield code="l">1099-1875</subfield><subfield code="2">1</subfield></datafield><datafield ind1=" " ind2=" " tag="042"><subfield code="a">msc</subfield><subfield code="a">nsdp</subfield></datafield><datafield ind1=" " ind2="4" tag="222"><subfield code="a">The daily collegian</subfield><subfield code="b">(University Park, Pa.)</subfield></datafield><datafield ind1="0" ind2="4" tag="245"><subfield code="a">The daily collegian.</subfield></datafield><datafield ind1="1" ind2="3" tag="246"><subfield code="a">Summer collegian</subfield></datafield><datafield ind1="1" ind2="3" tag="246"><subfield code="a">Collegian magazine</subfield></datafield><datafield ind1=" " ind2=" " tag="260"><subfield code="a">University Park, Pa. :</subfield><subfield code="b">Pennsylvania State University,</subfield><subfield code="c">1940-</subfield></datafield><datafield ind1=" " ind2=" " tag="300"><subfield code="a">v.</subfield></datafield><datafield ind1=" " ind2=" " tag="310"><subfield code="a">Daily</subfield></datafield><datafield ind1=" " ind2=" " tag="336"><subfield code="a">text</subfield><subfield code="b">txt</subfield><subfield code="2">rdacontent</subfield></datafield><datafield ind1=" " ind2=" " tag="337"><subfield code="a">unmediated</subfield><subfield code="b">n</subfield><subfield code="2">rdamedia</subfield></datafield><datafield ind1=" " ind2=" " tag="338"><subfield code="a">volume</subfield><subfield code="b">nc</subfield><subfield code="2">rdacarrier</subfield></datafield><datafield ind1="0" ind2=" " tag="362"><subfield code="a">Vol. 37, no. 1 (Sept. 5 1940)-</subfield></datafield><datafield ind1=" " ind2=" " tag="500"><subfield code="a">Published daily except Saturday and Sunday during the college year by students of the Pennsylvania State University.</subfield></datafield><datafield ind1=" " ind2=" " tag="500"><subfield code="a">Sometimes published during the summer months as: Summer collegian.</subfield></datafield><datafield ind1=" " ind2=" " tag="515"><subfield code="a">Like other college newspapers, published Monday through Friday when school is in session; less regularly in the summer.</subfield></datafield><datafield ind1=" " ind2=" " tag="525"><subfield code="a">Some issues for July 8, 1981- accompanied by an insert entitled: Collegian magazine.</subfield></datafield><datafield ind1=" " ind2=" " tag="588"><subfield code="a">Latest issue consulted: Vol. 98, 171 (Apr. 20, 1998) (surrogate).</subfield></datafield><datafield ind1="2" ind2="0" tag="610"><subfield code="a">Pennsylvania State University</subfield><subfield code="x">Students</subfield><subfield code="v">Newspapers.</subfield></datafield><datafield ind1=" " ind2="0" tag="650"><subfield code="a">College student newspapers and periodicals</subfield><subfield code="z">Pennsylvania</subfield><subfield code="v">Newspapers.</subfield></datafield><datafield ind1=" " ind2="7" tag="655"><subfield code="a">Newspapers.</subfield><subfield code="2">fast</subfield><subfield code="0">(OCoLC)fst01423814</subfield></datafield><datafield ind1="2" ind2="7" tag="610"><subfield code="a">Pennsylvania State University.</subfield><subfield code="2">fast</subfield><subfield code="0">(OCoLC)fst00536125</subfield></datafield><datafield ind1=" " ind2="7" tag="650"><subfield code="a">College student newspapers and periodicals.</subfield><subfield code="2">fast</subfield><subfield code="0">(OCoLC)fst00867966</subfield></datafield><datafield ind1=" " ind2="7" tag="650"><subfield code="a">Students.</subfield><subfield code="2">fast</subfield><subfield code="0">(OCoLC)fst01136041</subfield></datafield><datafield ind1=" " ind2="7" tag="651"><subfield code="a">Pennsylvania.</subfield><subfield code="2">fast</subfield><subfield code="0">(OCoLC)fst01204598</subfield></datafield><datafield ind1="0" ind2=" " tag="740"><subfield code="a">Collegian magazine.</subfield></datafield><datafield ind1=" " ind2=" " tag="752"><subfield code="a">United States</subfield><subfield code="b">Pennsylvania</subfield><subfield code="c">Centre</subfield><subfield code="d">University Park.</subfield></datafield><datafield ind1="0" ind2="0" tag="780"><subfield code="t">Penn State collegian</subfield><subfield code="w">(DLC)sn 85054903</subfield><subfield code="w">(OCoLC)11912601</subfield></datafield></record>